@MISC{00001,
  author={S$\o$ren Steffen Thomsen and Martin Schl$\ddot{a}$ffer and Christian Rechberger
    and Florian Mendel and Krystian Matusiewicz and Lars R. Knudsen and Praveen Gauravaram},
  title={Gr$\o$stl},
  year={2012},
  month={March},
  howpublished="\url{http://www.groestl.info/}"}

@MISC{00002,
  author={Jean-Philippe Aumasson and Luca Henzen and Willi Meier and Raphael C.-W. Phan},
  title={BLAKE},
  year={2012},
  month={April},
  howpublished="\url{http://www.131002.net/blake/blake.pdf}"}

@BOOK{00003,
  author = "Alan G. Konheim",
  title = "Hashing in computer science : fifty years of slicing and dicing",
  publisher = {John Wiley \& Sons},
  edition = "First",
  year = 2010,
  address = {Hoboken, NJ, USA}}

@MISC{00004,
    author = {P. Rogaway and T. Shrimpton},
    title = {Cryptographic Hash-Function Basics: Definitions, Implications, 
    and Separations for Preimage Resistance, Second-Preimage Resistance, and Collision Resistance},
    year = {2004}
}

@INBOOK{00005,
  author = "Douglas R. Stinson",
  title = "Cryptography Theory and Practice",
  chapter = "4. Cryptographic Hash Functions",
  publisher = {Chapman \& Hall/CRC},
  edition = "Third",
  year = 2006,
  address = {Boca Raton, FL 33487-2742, USA}
}

@BOOK{00006,
  title={Cryptography},
  author={Foundation, Wikimedia},
  url={http://books.google.com/books?id=bjto8WEkfk8C},
  year={2010},
  publisher={eM Publications}
}

@BOOK{00007,
  title={Network Security: Know It All: Know It All},
  author={Joshi, James},
  isbn={9780080560151},
  series={Newnes Know It All},
  url={http://books.google.com/books?id=6tX8Spgkq7kC},
  year={2008},
  publisher={Elsevier Science}
}

@MISC{00008,
    author = {Bruce Schneier},
    title = {When we will see Collisions for SHA-1?},
    month = {October},
    year = {2012},
    howpublished = "\url {http://www.schneier.com/blog/archives/2012/10/when_will_we_se.html}"
}

@MISC{00010,
    author = {Bruce Schneier},
    title = {SHA-1 Broken},
    month = {February},
    year = {2005},
    howpublished = "\url {http://www.schneier.com/blog/archives/2005/02/sha1_broken.html}"
}

@inproceedings{00011,
  author    = {Kazumaro Aoki and
               Jian Guo and
               Krystian Matusiewicz and
               Yu Sasaki and
               Lei Wang},
  title     = {Preimages for Step-Reduced SHA-2},
  booktitle = {ASIACRYPT},
  year      = {2009},
  pages     = {578-597},
  ee        = {http://dx.doi.org/10.1007/978-3-642-10366-7_34},
  crossref  = {DBLP:conf/asiacrypt/2009},
  bibsource = {DBLP, http://dblp.uni-trier.de}
}

@proceedings{DBLP:conf/asiacrypt/2009,
  editor    = {Mitsuru Matsui},
  title     = {Advances in Cryptology - ASIACRYPT 2009, 15th International
               Conference on the Theory and Application of Cryptology and
               Information Security, Tokyo, Japan, December 6-10, 2009.
               Proceedings},
  booktitle = {ASIACRYPT},
  publisher = {Springer},
  series    = {Lecture Notes in Computer Science},
  volume    = {5912},
  year      = {2009},
  isbn      = {978-3-642-10365-0},
  ee        = {http://dx.doi.org/10.1007/978-3-642-10366-7},
  bibsource = {DBLP, http://dblp.uni-trier.de}
}

@inproceedings{00012,
  author    = {Somitra Kumar Sanadhya and
               Palash Sarkar},
  title     = {New Collision Attacks against Up to 24-Step SHA-2},
  booktitle = {INDOCRYPT},
  year      = {2008},
  pages     = {91-103},
  ee        = {http://dx.doi.org/10.1007/978-3-540-89754-5_8},
  crossref  = {DBLP:conf/indocrypt/2008},
  bibsource = {DBLP, http://dblp.uni-trier.de}
}

@proceedings{DBLP:conf/indocrypt/2008,
  editor    = {Dipanwita Roy Chowdhury and
               Vincent Rijmen and
               Abhijit Das},
  title     = {Progress in Cryptology - INDOCRYPT 2008, 9th International
               Conference on Cryptology in India, Kharagpur, India, December
               14-17, 2008. Proceedings},
  booktitle = {INDOCRYPT},
  publisher = {Springer},
  series    = {Lecture Notes in Computer Science},
  volume    = {5365},
  year      = {2008},
  isbn      = {978-3-540-89753-8},
  bibsource = {DBLP, http://dblp.uni-trier.de}
}

@INBOOK{ 00013,
  author = {Richard P. Salgado},
  title = {Fourth Amendment Search And The Power Of The Hash},
  url = {http://federalevidence.com/pdf/2013/02Feb/EE-4thAmSearch-Power%20of%20Hash.pdf},
  pages = {38 - 46},
  publisher = {Harvard Law Review Forum},
  year = {2006},
  volume = {119},
  series = {6}
}

@MISC{ 00014,
  author = {Jean-Philippe Aumasson and Willi Meir},
  title = {Zero-sum distinguishers for reduced Keccak-f and for the core functions of Luffa and Hamsi},
  year = {2009},
  month = {September},
  note = {Presented in rump session of "Workshop of Cryptographic Hardware and Embedded Systems 2009"},
  howpublished = "\url {https://131002.net/data/papers/AM09.pdf}"
}

@MISC{00015,
  author="Guido Bertoni and Joan Daemen and Micha{\"e}l Peeters and Gilles Van Assche",
  title="The KECCAK reference",
  year={2011},
  month={January},
  howpublished="\url{http://keccak.noekeon.org/Keccak-reference-3.0.pdf}"}
  
@MISC{00016,
  author="Guido Bertoni and Joan Daemen and Micha{\"e}l Peeters and Gilles Van Assche",
  title="Cryptographic sponge functions",
  year={2011},
  month={January},
  howpublished="\url{http://sponge.noekeon.org/CSF-0.1.pdf}"}

@INCOLLECTION{ 00017,
  year={2010},
  isbn={978-3-642-04100-6},
  booktitle={Understanding Cryptography},
  doi={10.1007/978-3-642-04101-3_11},
  title={Hash Functions},
  url={http://dx.doi.org/10.1007/978-3-642-04101-3_11},
  publisher={Springer Berlin Heidelberg},
  author={Paar, Christof and Pelzl, Jan},
  pages={293-317},
  language={English}
}

@INCOLLECTION{ 00018,
  year={2011},
  isbn={978-1-4419-5905-8},
  booktitle={Encyclopedia of Cryptography and Security},
  editor={van Tilborg, HenkC.A. and Jajodia, Sushil},
  doi={10.1007/978-1-4419-5906-5_220},
  title={Random Oracle Model},
  url={http://dx.doi.org/10.1007/978-1-4419-5906-5_220},
  publisher={Springer US},
  author={Bleumer, Gerrit},
  pages={1027-1028}
}

@MISC{00019,
  author={S$\o$ren Steffen Thomsen and Martin Schl$\ddot{a}$ffer and Christian Rechberger
    and Florian Mendel and Krystian Matusiewicz and Lars R. Knudsen and Praveen Gauravaram},
  title={Gr$\o$stl - a SHA-3 candidate version 2.0.1},
  year={2011},
  month={March},
  howpublished="\url{http://www.groestl.info/Groestl.pdf}"}

@misc{00020,
    author = {Eli Biham and Orr Dunkelman},
    title = {A Framework for Iterative Hash Functions - HAIFA},
    howpublished = {Cryptology ePrint Archive, Report 2007/278},
    year = {2007},
    note = {\url{http://eprint.iacr.org/}},
}

@incollection{00021,
  title={Herding hash functions and the Nostradamus attack},
  author={Kelsey, John and Kohno, Tadayoshi},
  booktitle={Advances in Cryptology-EUROCRYPT 2006},
  pages={183--200},
  year={2006},
  publisher={Springer}
}
